@author{Steff2020mask,
title = {{To mask or not to mask: Modeling the potential for face mask
use by the general public to curtail the COVID-19 pandemic}},
author = {Eikenberry, S. and Mancuso,M. and Iboi,E. and Phan,T. and Eikenberry,K. and Kuang,Y. and Kostelich,E. and Gumel,A.},
journal = {Infectious Disease Modelling},
pages = {293--308},
year = {2020},
}

@online{SARSsource,
title = {{SARS 2003 Outbreak Dataset}},
author = {kp,D.},
year = 2020,
url = {https://www.kaggle.com/imdevskp/sars-outbreak-2003-complete-dataset}
}

@online{Johnhopkins,
title = {{CSSEGISandData}},
year = 2020,
url = {https://github.com/CSSEGISandData?tab=overview&from=2020-07-01&to=2020-07-31}
}
