@author{Steff2020mask,
title = {{To mask or not to mask: Modeling the potential for face mask
use by the general public to curtail the COVID-19 pandemic}},
author = {Eikenberry, S. and Mancuso,M. and Iboi,E. and Phan,T. and Eikenberry,K. and Kuang,Y. and Kostelich,E. and Gumel,A.},
journal = {Infectious Disease Modelling},
pages = {293--308},
year = {2020},
}

@online{Cooper2020SIR,
title = {{A SIR model assumption for the spread of COVID-19 in different communities}},
author = {Cooper,I. and Mondal, A. and Antonopoulos, G.},
year = 2020,
url = {https://www.ncbi.nlm.nih.gov/pmc/articles/PMC7321055/}
}

@online{Johnhopkins,
title = {{CSSEGISandData}},
year = 2020,
url = {https://github.com/CSSEGISandData?tab=overview&from=2020-07-01&to=2020-07-31}
}

@online{USregion,
title = {{Statistical Groupings of States and Counties}},
url = {https://www2.census.gov/geo/pdfs/reference/GARM/Ch6GARM.pdf}
}


@online{bokeh,
title = {{Configuring Plot Tools}},
url = {https://docs.bokeh.org/en/latest/docs/user_guide/tools.html}
}
